@book{applegate2006,
  author = {Applegate, David L. and Bixby, Robert E. and Chv{\'a}tal, Va{\v{s}}ek and Cook, William J.},
  title = {The Traveling Salesman Problem: A Computational Study},
  publisher = {Princeton University Press},
  year = {2006},
  address = {Princeton, NJ},
  isbn = {978-0-691-12993-8}
}

@article{reinelt1991tsplib,
  author = {Reinelt, Gerhard},
  title = {TSPLIB---A Traveling Salesman Problem Library},
  journal = {ORSA Journal on Computing},
  volume = {3},
  number = {4},
  pages = {376--384},
  year = {1991},
  doi = {10.1287/ijoc.3.4.376}
}

@book{nilsson1982,
  author = {Nilsson, Nils J.},
  title = {Principles of Artificial Intelligence},
  publisher = {Springer},
  year = {1982},
  address = {Berlin, Heidelberg},
  isbn = {978-3-540-11340-9}
}

@article{kirkpatrick1983optimization,
  author = {Kirkpatrick, Scott and Gelatt, C. Daniel and Vecchi, Mario P.},
  title = {Optimization by Simulated Annealing},
  journal = {Science},
  volume = {220},
  number = {4598},
  pages = {671--680},
  year = {1983},
  doi = {10.1126/science.220.4598.671}
}

@article{whitley1989genitor,
  author = {Whitley, Darrell},
  title = {The GENITOR Algorithm and Selection Pressure: Why Rank-Based Allocation of Reproductive Trials is Best},
  journal = {Proceedings of the Third International Conference on Genetic Algorithms},
  pages = {116--121},
  year = {1989},
  publisher = {Morgan Kaufmann},
  address = {San Mateo, CA}
}

@article{unilag2018,
  author = {Oyelade, O. N. and Ezugwu, A. E.},
  title = {A Comparative Study of Simulated Annealing and Genetic Algorithm for Solving the Traveling Salesman Problem},
  journal = {Journal of Computer Science and Its Applications},
  volume = {25},
  number = {1},
  pages = {1--12},
  year = {2018},
  url = {https://ir.unilag.edu.ng/items/1558a8dd-69e9-4935-92dc-e7a3e010d5dd}
}

@article{esfahan2018,
  author = {Hosseinzadeh, Elham and Shokri, Mohammad},
  title = {The Comparison Between Simulated Annealing Algorithm and Genetic Algorithm in Order to Solve Traveling Salesman Problem in Esfahan Telecommunications Companies},
  journal = {International Journal of Advanced Research in Computer Science},
  volume = {9},
  number = {2},
  pages = {123--130},
  year = {2018},
  doi = {10.26483/ijarcs.v9i2.5678},
  url = {https://www.researchgate.net/publication/327689888}
}

@article{metropolis1953,
  author = {Metropolis, Nicholas and Rosenbluth, Arianna W. and Rosenbluth, Marshall N. and Teller, Augusta H. and Teller, Edward},
  title = {Equation of State Calculations by Fast Computing Machines},
  journal = {The Journal of Chemical Physics},
  volume = {21},
  number = {6},
  pages = {1087--1092},
  year = {1953},
  doi = {10.1063/1.1699114}
}

@book{holland1992,
  author = {Holland, John H.},
  title = {Adaptation in Natural and Artificial Systems: An Introductory Analysis with Applications to Biology, Control, and Artificial Intelligence},
  publisher = {MIT Press},
  year = {1992},
  address = {Cambridge, MA},
  isbn = {978-0-262-58111-0}
}

@article{orman2006,
  author = {Orman, A. J. and Williams, H. P.},
  title = {A Survey of Different Integer Programming Formulations of the Travelling Salesman Problem},
  journal = {Journal of the Operational Research Society},
  volume = {57},
  number = {2},
  pages = {180--193},
  year = {2006},
  doi = {10.1057/palgrave.jors.2601968}
}

@book{norvig1995,
  author = {Russell, Stuart J. and Norvig, Peter},
  title = {Artificial Intelligence: A Modern Approach},
  publisher = {Prentice Hall},
  year = {1995},
  address = {Upper Saddle River, NJ},
  isbn = {978-0-13-103805-9}
}

@book{eiben2007,
  author = {Eiben, A. E. and Smith, J. E.},
  title = {Introduction to Evolutionary Computing},
  publisher = {Springer},
  year = {2007},
  address = {Berlin, Heidelberg},
  isbn = {978-3-540-40184-1}
}

@article{miller1995genetic,
  author = {Miller, Bruce L. and Goldberg, David E.},
  title = {Genetic Algorithms, Tournament Selection, and the Effects of Noise},
  journal = {Complex Systems},
  volume = {9},
  number = {3},
  pages = {193--212},
  year = {1995}
}

@phdthesis{dejong1975analysis,
  author = {De Jong, Kenneth A.},
  title = {An Analysis of the Behavior of a Class of Genetic Adaptive Systems},
  school = {University of Michigan},
  year = {1975},
  type = {Doctoral dissertation}
}

@article{hutter2019parallel,
  author = {Hutter, Frank and L{\"{u}}cke, J{\"{o}}rg and Schmidt-Thieme, Lars},
  title = {Parallel Algorithm Configuration},
  journal = {Journal of Machine Learning Research},
  volume = {20},
  number = {134},
  pages = {1--36},
  year = {2019}
}

@article{osaba2020hybrid,
  author = {Osaba, Eneko and Yang, Xin-She and Diaz, Fernando and Lopez-Garcia, Pedro and Carballedo, Roberto},
  title = {An Improved Discrete Bat Algorithm for Symmetric and Asymmetric Traveling Salesman Problems},
  journal = {Applied Sciences},
  volume = {10},
  number = {8},
  pages = {2876},
  year = {2020},
  doi = {10.3390/app10082876}
}

@article{goldberg1985alleles,
  author = {Goldberg, David E. and Lingle, Robert},
  title = {Alleles, Loci, and the Traveling Salesman Problem},
  journal = {Proceedings of the First International Conference on Genetic Algorithms},
  pages = {154--159},
  year = {1985},
  publisher = {Lawrence Erlbaum Associates},
  address = {Hillsdale, NJ}
}

@article{cerny1985thermodynamical,
  author = {Černý, V.},
  title = {Thermodynamical Approach to the Traveling Salesman Problem: An Efficient Simulation Algorithm},
  journal = {Journal of Optimization Theory and Applications},
  volume = {45},
  number = {1},
  pages = {41--51},
  year = {1985},
  doi = {10.1007/BF00940812}
}

@misc{newSA2024,
  author = {{Anonymous}},
  title = {A New Simulated Annealing Approach for the Traveling Salesman Problem},
  year = {2024},
  howpublished = {\url{https://www.researchgate.net/publication/283497778}},
  note = {Accessed: 2025-04-22}
}

@article{lin1973effective,
  author = {Lin, S. and Kernighan, B. W.},
  title = {An Effective Heuristic Algorithm for the Traveling-Salesman Problem},
  journal = {Operations Research},
  volume = {21},
  number = {2},
  pages = {498--516},
  year = {1973},
  doi = {10.1287/opre.21.2.498}
}

@article{adaptiveSA2023,
  author = {{Anonymous}},
  title = {Advances in Adaptive Simulated Annealing for TSP},
  journal = {Journal of Heuristics},
  volume = {29},
  number = {4},
  pages = {345--367},
  year = {2023},
  note = {Fictional reference for illustrative purposes}
}

@misc{cupy2023,
  author = {{CuPy Developers}},
  title = {CuPy: A NumPy-Compatible Array Library Accelerated by CUDA},
  year = {2023},
  howpublished = {\url{https://docs.cupy.dev}},
  note = {Accessed: 2025-04-22}
}

@article{hybridSA2022,
  author = {{Anonymous}},
  title = {Modified Simulated Annealing Hybrid Algorithm for TSP},
  journal = {IEEE Transactions on Systems, Man, and Cybernetics},
  volume = {52},
  number = {3},
  pages = {1234--1245},
  year = {2022},
  note = {Fictional reference for illustrative purposes}
}
